<record><leader>00000cas a22000007a 4500</leader><controlfield tag="001">17820674</controlfield><controlfield tag="008">880420d19301946lauwr ne      0    0eng d</controlfield><datafield ind1=" " ind2=" " tag="010"><subfield code="a">sn 88064334 </subfield></datafield><datafield ind1=" " ind2=" " tag="040"><subfield code="a">LNP</subfield><subfield code="b">eng</subfield><subfield code="c">LNP</subfield><subfield code="d">OCLCQ</subfield><subfield code="d">OCLCF</subfield><subfield code="d">OCLCO</subfield></datafield><datafield ind1="1" ind2=" " tag="029"><subfield code="a">AU@</subfield><subfield code="b">000020502714</subfield></datafield><datafield ind1=" " ind2=" " tag="042"><subfield code="a">msc</subfield></datafield><datafield ind1=" " ind2=" " tag="043"><subfield code="a">n-us-la</subfield></datafield><datafield ind1="0" ind2="4" tag="245"><subfield code="a">The Acadian-signal.</subfield></datafield><datafield ind1=" " ind2=" " tag="260"><subfield code="a">Crowley, La. :</subfield><subfield code="b">Signal Pub. Co.</subfield></datafield><datafield ind1=" " ind2=" " tag="310"><subfield code="a">Weekly</subfield></datafield><datafield ind1="0" ind2=" " tag="362"><subfield code="a">Vol. 46, no. 3 (Jan. 16, 1930)-v. 60, no. 19 (May 2, 1946).</subfield></datafield><datafield ind1=" " ind2="0" tag="651"><subfield code="a">Crowley (La.)</subfield><subfield code="v">Newspapers.</subfield></datafield><datafield ind1=" " ind2="7" tag="655"><subfield code="a">Newspapers.</subfield><subfield code="2">fast</subfield><subfield code="0">(OCoLC)fst01423814</subfield></datafield><datafield ind1=" " ind2="7" tag="651"><subfield code="a">Louisiana</subfield><subfield code="z">Crowley.</subfield><subfield code="2">fast</subfield><subfield code="0">(OCoLC)fst01217932</subfield></datafield><datafield ind1=" " ind2=" " tag="752"><subfield code="a">United States</subfield><subfield code="b">Louisiana</subfield><subfield code="c">Acadia</subfield><subfield code="d">Crowley.</subfield></datafield><datafield ind1="0" ind2=" " tag="775"><subfield code="t">Crowley daily signal</subfield><subfield code="w">(DLC)sn 88064337</subfield></datafield><datafield ind1="0" ind2="4" tag="780"><subfield code="t">Crowley signal</subfield><subfield code="w">(DLC)sn 88064333</subfield></datafield><datafield ind1="0" ind2="4" tag="780"><subfield code="t">Acadian</subfield><subfield code="w">(DLC)sn 88064697</subfield></datafield><datafield ind1="0" ind2="0" tag="785"><subfield code="t">Weekly Acadian</subfield><subfield code="w">(DLC)sn 88064335</subfield></datafield></record>